<?xml version="1.0" encoding="UTF-8"?><collection xmlns="http://www.loc.gov/MARC21/slim"><record><leader>00426nam--2200121-i-4500</leader><controlfield tag="001">000023482</controlfield><controlfield tag="002">20161230</controlfield><controlfield tag="005">20161230201035</controlfield><controlfield tag="008">060222s1000------------r-----000-0-eng-d</controlfield><datafield ind1=" " ind2=" " tag="080"><subfield code="a">02</subfield></datafield><datafield ind1=" " ind2=" " tag="245"><subfield code="a">Identificarea, circulatia, prelucrarea si folosirea surselor de informare documentara. recomandare metodologica</subfield></datafield><datafield ind1=" " ind2=" " tag="260"><subfield code="a">Bucuresti, Institutul National De Informare Si Documentare Stiitifica Si Tehnica, 1973. 62p</subfield></datafield><datafield ind1=" " ind2=" " tag="852"><subfield code="a">42691</subfield></datafield></record></collection>